<record><leader>00000cas a2200000 a 4500</leader><controlfield tag="001">38845476</controlfield><controlfield tag="008">980325c19uu9999vtuwr ne      0    0eng c</controlfield><datafield ind1=" " ind2=" " tag="010"><subfield code="a">sn 98060026 </subfield></datafield><datafield ind1=" " ind2=" " tag="040"><subfield code="a">NVN</subfield><subfield code="b">eng</subfield><subfield code="c">NVN</subfield><subfield code="d">OCLCQ</subfield><subfield code="d">NVN</subfield><subfield code="d">OCLCF</subfield><subfield code="d">OCLCO</subfield></datafield><datafield ind1=" " ind2=" " tag="019"><subfield code="a">11429488</subfield></datafield><datafield ind1="1" ind2=" " tag="029"><subfield code="a">AU@</subfield><subfield code="b">000013903903</subfield></datafield><datafield ind1=" " ind2=" " tag="042"><subfield code="a">pcc</subfield></datafield><datafield ind1=" " ind2=" " tag="043"><subfield code="a">n-us-vt</subfield></datafield><datafield ind1="0" ind2="4" tag="245"><subfield code="a">The Middlebury campus.</subfield></datafield><datafield ind1="1" ind2="3" tag="246"><subfield code="a">Campus</subfield></datafield><datafield ind1=" " ind2=" " tag="260"><subfield code="a">Middlebury, Vt. :</subfield><subfield code="b">Middlebury College.</subfield></datafield><datafield ind1=" " ind2=" " tag="300"><subfield code="a">v.</subfield></datafield><datafield ind1=" " ind2=" " tag="310"><subfield code="a">Weekly during academic year</subfield></datafield><datafield ind1=" " ind2=" " tag="500"><subfield code="a">"The student newspaper of Middlebury College."</subfield></datafield><datafield ind1=" " ind2=" " tag="500"><subfield code="a">Called also "The campus" at irregular intervals.</subfield></datafield><datafield ind1=" " ind2=" " tag="588"><subfield code="a">Description based on: Vol. 9, no. 1(Feb. 26, 1913).</subfield></datafield><datafield ind1=" " ind2="0" tag="651"><subfield code="a">Middlebury (Vt.)</subfield><subfield code="v">Newspapers.</subfield></datafield><datafield ind1=" " ind2="0" tag="651"><subfield code="a">Vermont</subfield><subfield code="v">Newspapers.</subfield></datafield><datafield ind1=" " ind2="7" tag="655"><subfield code="a">Newspapers.</subfield><subfield code="2">fast</subfield><subfield code="0">(OCoLC)fst01423814</subfield></datafield><datafield ind1=" " ind2="7" tag="651"><subfield code="a">Vermont.</subfield><subfield code="2">fast</subfield><subfield code="0">(OCoLC)fst01204305</subfield></datafield><datafield ind1=" " ind2="7" tag="651"><subfield code="a">Vermont</subfield><subfield code="z">Middlebury.</subfield><subfield code="2">fast</subfield><subfield code="0">(OCoLC)fst01202765</subfield></datafield><datafield ind1="2" ind2=" " tag="710"><subfield code="a">Middlebury College.</subfield></datafield><datafield ind1=" " ind2=" " tag="752"><subfield code="a">United States</subfield><subfield code="b">Vermont</subfield><subfield code="c">Addison</subfield><subfield code="d">Middlebury.</subfield></datafield></record>